@inproceedings{meehan2017data,
    title={Data Ingestion for the Connected World},
    author={Meehan, John and Aslantas, Cansu and Zdonik, Stan and Tatbul, Nesime and Du, Jiang},
    booktitle={CIDR},
    year={2017}
}

@article{muatuacuctua2018big,
    title={Big Data Analytics: Analysis of Features and Performance of Big Data Ingestion Tools},
    author={M{\u{a}}t{\u{a}}cu{\c{t}}{\u{a}}, Andreea and Popa, C{\u{a}}t{\u{a}}lina},
    journal={Informatica Economica},
    volume={22},
    number={2},
    year={2018}
}

@book{pavlic2009is, 
    title={Information systems},
    author={Pavli\'{c}, Mile}, 
    pages={348}, 
    keywords={information system, IS analysis and design, software development}, 
    publisher={Odjel za informatiku Sveu\v{c}ili\v{s}ta u Rijeci}, 
    publisherplace={Rijeka},
    isbn={978-953-96970-7-3},
    year={2009}
}

@misc{pi2019,
    title={Uvod u programsko inženjerstvo},
    url={https://moodle.srce.hr/2019-2020/pluginfile.php/3422660/mod_resource/content/4/ModeliProcesaRazvoja.pdf},
    author={Sanja \v{C}andrli\'{c}},
    publisher={Odjel za informatiku Sveu\v{c}ili\v{s}ta u Rijeci},
    publisherplace={Rijeka},
    year={2019/2020}
}

@misc{moses_gavish_2022, 
    title={What is a data platform? and how to build one (montecarlodata.com)}, 
    url={https://www.montecarlodata.com/blog-what-is-a-data-platform-and-how-to-build-one/}, 
    journal={Monte Carlo Data}, 
    author={Moses, Barr and Gavish, Lior}, 
    publisher={Monte Carlo Data, Inc}, 
    year={2022}, 
    month={Nov}
}

@misc{law_insider_2022, 
    title={Data Service Provider Definition (lawinsider.com)}, 
    url={https://www.lawinsider.com/dictionary/data-service-provider}, 
    journal={Law Insider}, 
    author={Law Insider}, 
    publisher={support@lawinsider.com}, 
    year={2022}, 
    month={Nov}
}

@misc{redhat2022, 
    title={What is a \gls{rest-api}? (redhat.com)}, 
    url={https://www.redhat.com/en/topics/api/what-is-a-rest-api}, 
    journal={Red Hat}, 
    author={Red Hat}, 
    publisher={https://www.redhat.com/en/about/company}, 
    year={2022}, 
    month={Nov}
}

@misc{atlassian2022agile, 
    title={What is a \gls{agile}? (atlassian.com)}, 
    url={https://www.atlassian.com/agile}, 
    journal={Atlassian}, 
    author={Atlassian}, 
    publisher={https://www.atlassian.com/company}, 
    year={2022}, 
    month={Nov}
}

@book{wirzenius2007linux,
    title={The Linux System Administrator's Guide},
    author={Wirzenius, L. and Oja, J. and Stafford, S. and Weeks, A.},
    isbn={9781434800893},
    url={https://books.google.hr/books?id=NiB1mAEACAAJ},
    year={2007},
    publisher={CreateSpace Independent Publishing Platform},
    chapter={5.10}
}

@book{algintro2009,
    author = {Cormen, Thomas H. and Leiserson, Charles E. and Rivest, Ronald L. and Stein, Clifford},
    title = {Introduction to Algorithms, Third Edition},
    year = {2009},
    isbn = {0262033844},
    publisher = {The MIT Press},
    edition = {3rd}
}

@misc{aws2022streamingdata, 
    title={What is \Gls{streaming-data}? (aws.amazon.com)}, 
    url={https://aws.amazon.com/streaming-data/}, 
    journal={Amazon}, 
    author={Amazon}, 
    publisher={https://aws.amazon.com/contact-us/}, 
    year={2022}, 
    month={Nov}
}

@misc{wikipedia2022lambdaarchitecture, 
    title={\gls{lambda-architecture} (wikipedia.com)}, 
    url={https://en.wikipedia.org/wiki/Lambda_architecture}, 
    journal={Wikipedia}, 
    author={Wikipedia}, 
    publisher={https://en.wikipedia.org/}, 
    year={2022}, 
    month={Nov}
}

@misc{wikipedia2022pagerank, 
    title={PageRank (wikipedia.com)}, 
    url={https://en.wikipedia.org/wiki/PageRank}, 
    journal={Wikipedia}, 
    author={Wikipedia}, 
    publisher={https://en.wikipedia.org/}, 
    year={2022}, 
    month={Dec}
}

@misc{medium2022wang, 
    title={\Gls{streaming-data} vs. \Gls{real-time-data} — what’s the difference? (medium.com)}, 
    url={https://medium.com/validio/streaming-data-vs-real-time-data-whats-the-difference-c5fcbe831079}, 
    journal={Medium}, 
    author={Wang, Richard}, 
    publisher={https://medium.com/validio}, 
    year={2022}, 
    month={Jan}
}

@article{bigdataplatforms2016,
    title={Big Data Platforms and Techniques},
    author={Borodo, Salisu and Shamsuddin, Siti Mariyam and Hasan, Shafaatunnur},
    doi={10.11591/ijeecs.v1.i1.pp191-200},
    journal={Indonesian Journal of Electrical Engineering and Computer Science},
    volume={1},
    pages={191},
    year={2016},
    month={Jan}
}

@article{mipro2022c19prediction, 
    title={Prediction of COVID-19 tweeting: classification based on graph neural networks}, 
    author={Petrovi\'{c}, Milan and Hrelja, Andrea and Me\v{s}trovi\'{c}, Ana}, 
    doi={10.23919/MIPRO55190.2022.9803426}, 
    issn={1847-3938},
    journal={MIPRO}, doi = {10.23919/MIPRO55190.2022.9803426}, 
    volume={45}, 
    pages={307-311},
    year={2022}, 
    keywords={graph neural networks, classification}
}

@book{brown2014transforming,
    title={Transforming unstructured data into useful information},
    author={Brown, Meta S},
    booktitle={Big Data, Mining, and Analytics},
    pages={227--246},
    year={2014},
    publisher={Auerbach Publications}
}

@book{leech2015spss,
    title={Data Coding and Exploratory Analysis (EDA) Rules for Data Coding Exploratory Data Analysis (EDA) Statistical Assumptions},
    author={Leech, Nancy and Barrett, Karen and Morgan, George},
    booktitle={SPSS for Intermediate Statistics: Use and Interpretation, Fifth Edition},
    publisher={Routledge},
    isbn={978-1-84872-999-5},
    doi={10.4324/9781410616739},
    chapter={2},
    year={2015},
    month={Jan}
}

@book{mann1995introductory,
  title={Introductory Statistics},
  author={Mann, P.S.},
  isbn={9780471310099},
  lccn={94042931},
  url={https://books.google.hr/books?id=YzWtQgAACAAJ},
  year={1995},
  publisher={Wiley}
}

@misc{tableau2022datacleaning, 
    title={Data Cleaning: Definition, Benefits, And How-To (tableau.com)}, 
    url={https://www.tableau.com/learn/articles/what-is-data-cleaning}, 
    journal={Tableau}, 
    author={Tableau}, 
    publisher={https://www.tableau.com/about/contact}, 
    year={2022}, 
    month={Dec}
}

@misc {mestrovic2022retweetprediction,
	title={Retweet Prediction based on Heterogeneous Data Sources: The Combination of Text and Multilayer Network Features},
	author={Meštrović, Ana and Petrović, Milan and Beliga, Slobodan},
    url={https://doi.org/10.20944/preprints202210.0086.v1},
	DOI={10.20944/preprints202210.0086.v1},
	publisher={Preprints.org},
	year={2022}
}

@article {bland1996,
	author={Bland, J Martin and Altman, Douglas G},
	title={Statistics notes: Measurement error},
	volume={312},
	number={7047},
	pages={1654},
	year={1996},
	doi={10.1136/bmj.312.7047.1654},
	publisher={BMJ Publishing Group Ltd},
	URL={https://www.bmj.com/content/312/7047/1654},
	eprint={https://www.bmj.com/content/312/7047/1654},
	journal={BMJ}
}


@misc {inforworld2022cicd,
	title={What is CI/CD? Continuous integration and continuous delivery explained (inforworld.com)},
    url={https://www.infoworld.com/article/3271126/what-is-cicd-continuous-integration-and-continuous-delivery-explained.html},
    journal={InfoWorld}, 
    author={Sacolick, Isaac}, 
    publisher={https://www.infoworld.com/about/about.html}, 
    year={2022}, 
    month={Apr}
}

@misc {wikipedia2022github,
	title={GitHub (wikipedia.com)},
    url={https://en.wikipedia.org/wiki/GitHub},
    journal={Wikipedia}, 
    author={Wikipedia}, 
    publisher={https://www.wikipedia.org/}, 
    year={2022}, 
    month={Dec}
}

@misc {atlassian2022pullrequest,
	title={Making a Pull Request (atlassian.com)},
    url={https://www.atlassian.com/git/tutorials/making-a-pull-request},
    journal={Atlassian}, 
    author={Atlassian}, 
    publisher={https://www.atlassian.com/company}, 
    year={2022}, 
    month={Dec}
}

@misc {atlassian2022coderepository,
	title={Choosing a Source Code Repository: A Guide (bitbucket.org)},
    url={https://bitbucket.org/product/code-repository},
    journal={Atlassian}, 
    author={Atlassian}, 
    publisher={https://www.atlassian.com/company}, 
    year={2022}, 
    month={Dec}
}

@misc {smartbear2022unittesting,
	title={What Is Unit Testing?  (smartbear.com)},
    url={https://smartbear.com/learn/automated-testing/what-is-unit-testing/},
    journal={SmartBear}, 
    author={SmartBear}, 
    publisher={https://smartbear.com/contact-us/}, 
    year={2022}, 
    month={Dec}
}

@misc {reuters2022croschengen,
	title={Croatia gets green light for Schengen admission from European Parliament (reuters.com)},
    url={https://www.reuters.com/world/europe/croatia-gets-green-light-schengen-admission-european-parliament-2022-11-10/},
    journal={Reuters}, 
    author={Reuters}, 
    publisher={https://www.reutersagency.com/en/about/about-us/}, 
    year={2022}, 
    month={Nov}
}

@misc {euronews2022ukraine,
	title={Ukraine war: Russia orders troops to quit Kherson; EU €18bn aid offer; Mariupol mass graves (euronews.com)},
    url={https://www.euronews.com/2022/11/09/ukraine-war-russian-looting-in-kherson-mariupol-mass-graves-sean-penn-in-kyiv},
    journal={euronews.}, 
    author={euronews.}, 
    publisher={https://www.euronews.com/about}, 
    year={2022}, 
    month={Nov}
}

@misc {nvidia2022graphanalytics,
	title={What is Graph Analytics? (nvidia.com)},
    url={https://www.nvidia.com/en-us/glossary/data-science/graph-analytics/},
    journal={Nvidia}, 
    author={Nvidia}, 
    publisher={https://www.nvidia.com/en-us/contact/}, 
    year={2022}, 
    month={Dec}
}

@article{boritz2005isintegrity,
    title={IS practitioners' views on core concepts of information integrity},
    author={J. Efrim Boritz},
    journal={International Journal of Accounting Information Systems},
    volume={6},
    number={4},
    pages={260-279},
    year={2005},
    issn={1467-0895},
    doi={https://doi.org/10.1016/j.accinf.2005.07.001},
    url={https://www.sciencedirect.com/science/article/pii/S1467089505000473},
    keywords={Information integrity, Data quality, Data integrity}
}
